<?xml version="1.0" encoding="UTF-8"?><record xmlns="http://www.loc.gov/MARC21/slim" xmlns:cinclude="http://apache.org/cocoon/include/1.0" xmlns:zs="http://www.loc.gov/zing/srw/">
  <leader>00435nz  a2200121n  4500</leader>
  <controlfield tag="001">n 2005005390</controlfield>
  <controlfield tag="003">DLC</controlfield>
  <controlfield tag="005">20050126094213.0</controlfield>
  <controlfield tag="008">050126n| acannaabn          |n ana      </controlfield>
  <datafield tag="010" ind1=" " ind2=" ">
    <subfield code="a">n 2005005390</subfield>
  </datafield>
  <datafield tag="040" ind1=" " ind2=" ">
    <subfield code="a">DLC</subfield>
    <subfield code="b">eng</subfield>
    <subfield code="c">DLC</subfield>
  </datafield>
  <datafield tag="110" ind1="2" ind2=" ">
    <subfield code="a">Martin County Historical and Genealogical Society (Martin County, Ky.)</subfield>
  </datafield>
  <datafield tag="670" ind1=" " ind2=" ">
    <subfield code="a">A pictorial history of Martin County, Kentucky, c2001:</subfield>
    <subfield code="b">t.p. (Martin County Historical and Genealogical Society; Inez, Ky.)</subfield>
  </datafield>
</record>